%YAML 1.1
%TAG !u! tag:unity3d.com,2011:
--- !u!1 &5296214766074808010
GameObject:
  m_ObjectHideFlags: 0
  m_CorrespondingSourceObject: {fileID: 0}
  m_PrefabInstance: {fileID: 0}
  m_PrefabAsset: {fileID: 0}
  serializedVersion: 6
  m_Component:
  - component: {fileID: 9161648323202364633}
  - component: {fileID: 180056174811975407}
  - component: {fileID: 5855586923514655254}
  m_Layer: 0
  m_Name: PieMesh
  m_TagString: Untagged
  m_Icon: {fileID: 0}
  m_NavMeshLayer: 0
  m_StaticEditorFlags: 0
  m_IsActive: 1
--- !u!4 &9161648323202364633
Transform:
  m_ObjectHideFlags: 0
  m_CorrespondingSourceObject: {fileID: 0}
  m_PrefabInstance: {fileID: 0}
  m_PrefabAsset: {fileID: 0}
  m_GameObject: {fileID: 5296214766074808010}
  m_LocalRotation: {x: 0, y: -0, z: -0, w: 1}
  m_LocalPosition: {x: 0, y: 0.106, z: 0}
  m_LocalScale: {x: 0.0048714154, y: 0.0048714154, z: 0.0048714154}
  m_Children: []
  m_Father: {fileID: 3790955840458376504}
  m_RootOrder: 0
  m_LocalEulerAnglesHint: {x: 0, y: 0, z: 0}
--- !u!33 &180056174811975407
MeshFilter:
  m_ObjectHideFlags: 0
  m_CorrespondingSourceObject: {fileID: 0}
  m_PrefabInstance: {fileID: 0}
  m_PrefabAsset: {fileID: 0}
  m_GameObject: {fileID: 5296214766074808010}
  m_Mesh: {fileID: 857425017049745756, guid: 25ba33f6f9da13245b6def03ed586d97, type: 3}
--- !u!23 &5855586923514655254
MeshRenderer:
  m_ObjectHideFlags: 0
  m_CorrespondingSourceObject: {fileID: 0}
  m_PrefabInstance: {fileID: 0}
  m_PrefabAsset: {fileID: 0}
  m_GameObject: {fileID: 5296214766074808010}
  m_Enabled: 1
  m_CastShadows: 1
  m_ReceiveShadows: 1
  m_DynamicOccludee: 1
  m_MotionVectors: 1
  m_LightProbeUsage: 1
  m_ReflectionProbeUsage: 1
  m_RenderingLayerMask: 1
  m_RendererPriority: 0
  m_Materials:
  - {fileID: 2100000, guid: 33fe2389255e99b47af85868e4d31a1b, type: 2}
  m_StaticBatchInfo:
    firstSubMesh: 0
    subMeshCount: 0
  m_StaticBatchRoot: {fileID: 0}
  m_ProbeAnchor: {fileID: 0}
  m_LightProbeVolumeOverride: {fileID: 0}
  m_ScaleInLightmap: 1
  m_ReceiveGI: 1
  m_PreserveUVs: 0
  m_IgnoreNormalsForChartDetection: 0
  m_ImportantGI: 0
  m_StitchLightmapSeams: 1
  m_SelectedEditorRenderState: 3
  m_MinimumChartSize: 4
  m_AutoUVMaxDistance: 0.5
  m_AutoUVMaxAngle: 89
  m_LightmapParameters: {fileID: 0}
  m_SortingLayerID: 0
  m_SortingLayer: 0
  m_SortingOrder: 0
--- !u!1 &9164878003704507045
GameObject:
  m_ObjectHideFlags: 0
  m_CorrespondingSourceObject: {fileID: 0}
  m_PrefabInstance: {fileID: 0}
  m_PrefabAsset: {fileID: 0}
  serializedVersion: 6
  m_Component:
  - component: {fileID: 3790955840458376504}
  - component: {fileID: 7602822257605689857}
  - component: {fileID: 2244039699143254480}
  m_Layer: 0
  m_Name: Pie
  m_TagString: Untagged
  m_Icon: {fileID: 0}
  m_NavMeshLayer: 0
  m_StaticEditorFlags: 0
  m_IsActive: 1
--- !u!4 &3790955840458376504
Transform:
  m_ObjectHideFlags: 0
  m_CorrespondingSourceObject: {fileID: 0}
  m_PrefabInstance: {fileID: 0}
  m_PrefabAsset: {fileID: 0}
  m_GameObject: {fileID: 9164878003704507045}
  m_LocalRotation: {x: 0, y: 0, z: 0, w: 1}
  m_LocalPosition: {x: 0, y: 0, z: 0}
  m_LocalScale: {x: 1, y: 1, z: 1}
  m_Children:
  - {fileID: 9161648323202364633}
  - {fileID: 7749027956780338895}
  m_Father: {fileID: 0}
  m_RootOrder: 0
  m_LocalEulerAnglesHint: {x: 0, y: 0, z: 0}
--- !u!114 &7602822257605689857
MonoBehaviour:
  m_ObjectHideFlags: 0
  m_CorrespondingSourceObject: {fileID: 0}
  m_PrefabInstance: {fileID: 0}
  m_PrefabAsset: {fileID: 0}
  m_GameObject: {fileID: 9164878003704507045}
  m_Enabled: 1
  m_EditorHideFlags: 0
  m_Script: {fileID: 11500000, guid: d5dc5acd8c0bf69409431905a3993f84, type: 3}
  m_Name: 
  m_EditorClassIdentifier: 
  name: Pie
  conveyorPosition: 0
--- !u!114 &2244039699143254480
MonoBehaviour:
  m_ObjectHideFlags: 0
  m_CorrespondingSourceObject: {fileID: 0}
  m_PrefabInstance: {fileID: 0}
  m_PrefabAsset: {fileID: 0}
  m_GameObject: {fileID: 9164878003704507045}
  m_Enabled: 1
  m_EditorHideFlags: 0
  m_Script: {fileID: 11500000, guid: 9e5e915255596d4489aaaa04b97caf12, type: 3}
  m_Name: 
  m_EditorClassIdentifier: 
  des: {x: 0, y: 0, z: 0}
--- !u!1001 &7297844608686685296
PrefabInstance:
  m_ObjectHideFlags: 0
  serializedVersion: 2
  m_Modification:
    m_TransformParent: {fileID: 3790955840458376504}
    m_Modifications:
    - target: {fileID: 1066566820627116735, guid: 9e16e38ecbde6df4f9ebcae4286f5d6c,
        type: 3}
      propertyPath: m_LocalPosition.x
      value: 0
      objectReference: {fileID: 0}
    - target: {fileID: 1066566820627116735, guid: 9e16e38ecbde6df4f9ebcae4286f5d6c,
        type: 3}
      propertyPath: m_LocalPosition.y
      value: 0
      objectReference: {fileID: 0}
    - target: {fileID: 1066566820627116735, guid: 9e16e38ecbde6df4f9ebcae4286f5d6c,
        type: 3}
      propertyPath: m_LocalPosition.z
      value: 0
      objectReference: {fileID: 0}
    - target: {fileID: 1066566820627116735, guid: 9e16e38ecbde6df4f9ebcae4286f5d6c,
        type: 3}
      propertyPath: m_LocalRotation.x
      value: -0.7071068
      objectReference: {fileID: 0}
    - target: {fileID: 1066566820627116735, guid: 9e16e38ecbde6df4f9ebcae4286f5d6c,
        type: 3}
      propertyPath: m_LocalRotation.y
      value: -0
      objectReference: {fileID: 0}
    - target: {fileID: 1066566820627116735, guid: 9e16e38ecbde6df4f9ebcae4286f5d6c,
        type: 3}
      propertyPath: m_LocalRotation.z
      value: -0
      objectReference: {fileID: 0}
    - target: {fileID: 1066566820627116735, guid: 9e16e38ecbde6df4f9ebcae4286f5d6c,
        type: 3}
      propertyPath: m_LocalRotation.w
      value: 0.7071068
      objectReference: {fileID: 0}
    - target: {fileID: 1066566820627116735, guid: 9e16e38ecbde6df4f9ebcae4286f5d6c,
        type: 3}
      propertyPath: m_RootOrder
      value: 1
      objectReference: {fileID: 0}
    - target: {fileID: 1066566820627116735, guid: 9e16e38ecbde6df4f9ebcae4286f5d6c,
        type: 3}
      propertyPath: m_LocalEulerAnglesHint.x
      value: 0
      objectReference: {fileID: 0}
    - target: {fileID: 1066566820627116735, guid: 9e16e38ecbde6df4f9ebcae4286f5d6c,
        type: 3}
      propertyPath: m_LocalEulerAnglesHint.y
      value: 0
      objectReference: {fileID: 0}
    - target: {fileID: 1066566820627116735, guid: 9e16e38ecbde6df4f9ebcae4286f5d6c,
        type: 3}
      propertyPath: m_LocalEulerAnglesHint.z
      value: 0
      objectReference: {fileID: 0}
    - target: {fileID: 7232594332841293305, guid: 9e16e38ecbde6df4f9ebcae4286f5d6c,
        type: 3}
      propertyPath: m_Name
      value: Plate
      objectReference: {fileID: 0}
    m_RemovedComponents: []
  m_SourcePrefab: {fileID: 100100000, guid: 9e16e38ecbde6df4f9ebcae4286f5d6c, type: 3}
--- !u!4 &7749027956780338895 stripped
Transform:
  m_CorrespondingSourceObject: {fileID: 1066566820627116735, guid: 9e16e38ecbde6df4f9ebcae4286f5d6c,
    type: 3}
  m_PrefabInstance: {fileID: 7297844608686685296}
  m_PrefabAsset: {fileID: 0}
